% This file was created with JabRef 2.10.
% Encoding: UTF-8


@Article{Bulgurcu:2010,
  Title                    = {Information Security Policy Compliance: An Empirical Study of Rationality-based Beliefs and Information Security Awareness},
  Author                   = {Bulgurcu, Burcu and Cavusoglu, Hasan and Benbasat, Izak},
  Journal                  = {MIS Q.},
  Year                     = {2010},

  Month                    = sep,
  Number                   = {3},
  Pages                    = {523--548},
  Volume                   = {34},

  Acmid                    = {2017477},
  Address                  = {Minneapolis, MN, USA},
  ISSN                     = {0276-7783},
  Issue_date               = {September 2010},
  Keywords                 = {behavioral issues of information security, compliance, information security awareness, information security management, information security policy, theory of planned behavior},
  Numpages                 = {26},
  Publisher                = {Society for Information Management and The Management Information Systems Research Center},
  Url                      = {http://dl.acm.org/citation.cfm?id=2017470.2017477}
}

@InProceedings{lecture,
  Title                    = {Introduction to Electrical Engineering},
  Author                   = {Prof. Yoshiya Kasahara},
  Year                     = {2018},
  Editor                   = {Prof. Yoshiya Kasahara},

  Date                     = {2018-8-2}
}

@Other{magEarth,
  Title                    = {Earth's Magnetic Field - An Explanation},
  Author                   = {typealt},
  Date                     = {2013-3-31},
  Url                      = {https://www.youtube.com/watch?v=3g49Dtb_JfM},
  Year                     = {2013}
}

@Other{www.thefreedictionary.com2018,
  Title                    = {Space Environment},
  Author                   = {www.thefreedictionary.com},
  Date                     = {2018-8-12},
  Editor                   = {www.thefreedictionary.com},
  Url                      = {https://www.thefreedictionary.com/space+environment},
  Year                     = {2018}
}

@comment{jabref-meta: databaseType:biblatex;}

